@Article{ES1,
  author =	 {Smith, J. O. and Abel, J. S},
  title =	 {Bark and {ERB} Bilinear Transforms},
  journal =	 {IEEE Trans. Speech and Audio Proc.},
  year =	 1999,
  volume =	 7,
  number =	 6,
  pages =	 {697--708}
}

@Book{ES2,
  author =	 {Lee, K.-F.},
  title =	 {Automatic Speech Recognition: The Development of the
                  {SPHINX} System},
  publisher =	 {Kluwer Academic Publishers},
  year =	 1989,
  address =	 {Boston}
}

@Article{ES3,
  author =	 {Rudnicky, A. I. and Polifroni, J. H. and
                  Brennan, R. A},
  title =	 {Interactive problem solving with speech},
  journal =	 {J. Acoust. Soc. Amer.},
  year =	 1988,
  volume =	 84,
  number =	 {21--33}
}

